<record><leader>00000cas a2200000 a 4500</leader><controlfield tag="001">10358125</controlfield><controlfield tag="008">840131d18451885maudn ne      0    0eng c</controlfield><datafield ind1=" " ind2=" " tag="010"><subfield code="a">sn 84022235 </subfield></datafield><datafield ind1=" " ind2=" " tag="040"><subfield code="a">NPX</subfield><subfield code="b">eng</subfield><subfield code="c">NPX</subfield><subfield code="d">NPY</subfield><subfield code="d">NPU</subfield><subfield code="d">DLC</subfield><subfield code="d">NPA</subfield><subfield code="d">MQN</subfield><subfield code="d">MGN</subfield><subfield code="d">NVH</subfield><subfield code="d">MGN</subfield><subfield code="d">KNP</subfield><subfield code="d">MGN</subfield><subfield code="d">CNK</subfield><subfield code="d">CVF</subfield><subfield code="d">NVF</subfield><subfield code="d">OCL</subfield><subfield code="d">CVF</subfield><subfield code="d">TGN</subfield><subfield code="d">DLC</subfield><subfield code="d">OCLCG</subfield><subfield code="d">KRTAS</subfield><subfield code="d">DLC</subfield><subfield code="d">OCLCQ</subfield><subfield code="d">OCLCF</subfield><subfield code="d">OCLCO</subfield><subfield code="d">NLC</subfield></datafield><datafield ind1=" " ind2=" " tag="016"><subfield code="a">(AMICUS)000014282391</subfield></datafield><datafield ind1=" " ind2=" " tag="042"><subfield code="a">pcc</subfield></datafield><datafield ind1=" " ind2=" " tag="043"><subfield code="a">n-us-ma</subfield></datafield><datafield ind1="0" ind2="0" tag="050"><subfield code="a">Newspaper</subfield></datafield><datafield ind1="0" ind2="0" tag="245"><subfield code="a">Daily evening traveller.</subfield></datafield><datafield ind1=" " ind2=" " tag="260"><subfield code="a">Boston [Mass.] :</subfield><subfield code="b">Upton, Ladd &amp; Co.,</subfield><subfield code="c">1845-1885.</subfield></datafield><datafield ind1=" " ind2=" " tag="300"><subfield code="a">v.</subfield></datafield><datafield ind1=" " ind2=" " tag="310"><subfield code="a">Daily (except Sunday and holidays)</subfield></datafield><datafield ind1="0" ind2=" " tag="362"><subfield code="a">Vol. 1, no. 1 (Apr. 1, 1845)-v. 38, no. 256 (Jan. 31, 1885).</subfield></datafield><datafield ind1=" " ind2=" " tag="500"><subfield code="a">Published in several chronological editions.</subfield></datafield><datafield ind1=" " ind2=" " tag="580"><subfield code="a">Morning ed.: Boston daily traveller (Boston, Mass. : 1856), &lt;1856&gt;-1885.</subfield></datafield><datafield ind1=" " ind2=" " tag="580"><subfield code="a">Semiweekly eds.: American traveller (Boston, Mass. : 1845 : Semiweekly), 1845-&lt;1850&gt;, and: American semi-weekly traveller (Boston, Mass. : 1851), &lt;1851-1854&gt;, and: Boston traveller (Boston, Mass. : 1855), &lt;1855&gt;-1885.</subfield></datafield><datafield ind1=" " ind2=" " tag="580"><subfield code="a">Weekly eds.: American traveller (Boston, Mass. : 1845 : Weekly), 1845-&lt;1850&gt;, and: American weekly traveller (Boston, Mass. : 1851), &lt;1851&gt;-1855, and: American traveller (Boston, Mass. : 1855), 1855-1885.</subfield></datafield><datafield ind1=" " ind2=" " tag="580"><subfield code="a">Other ed.: Boston traveller for California, &lt;1854&gt;.</subfield></datafield><datafield ind1=" " ind2="0" tag="651"><subfield code="a">Boston (Mass.)</subfield><subfield code="v">Newspapers.</subfield></datafield><datafield ind1=" " ind2="7" tag="655"><subfield code="a">Newspapers.</subfield><subfield code="2">fast</subfield><subfield code="0">(OCoLC)fst01423814</subfield></datafield><datafield ind1=" " ind2="7" tag="651"><subfield code="a">Massachusetts</subfield><subfield code="z">Boston.</subfield><subfield code="2">fast</subfield><subfield code="0">(OCoLC)fst01205012</subfield></datafield><datafield ind1="1" ind2=" " tag="700"><subfield code="a">Andrews, Ferdinand,</subfield><subfield code="d">1802-1883.</subfield></datafield><datafield ind1="1" ind2=" " tag="700"><subfield code="a">Punchard, Geo.</subfield><subfield code="q">(George),</subfield><subfield code="d">1806-1880.</subfield></datafield><datafield ind1="1" ind2=" " tag="700"><subfield code="a">Bowles, Samuel,</subfield><subfield code="d">1826-1878.</subfield></datafield><datafield ind1=" " ind2=" " tag="752"><subfield code="a">United States</subfield><subfield code="b">Massachusetts</subfield><subfield code="c">Suffolk</subfield><subfield code="d">Boston.</subfield></datafield><datafield ind1="1" ind2=" " tag="775"><subfield code="t">Boston daily traveller (Boston, Mass. : 1856)</subfield><subfield code="w">(DLC)sn 84022236</subfield><subfield code="w">(OCoLC)10358245</subfield></datafield><datafield ind1="1" ind2=" " tag="775"><subfield code="t">American traveller (Boston, Mass. : 1845 : Semiweekly)</subfield><subfield code="w">(DLC)sn 91057126</subfield><subfield code="w">(OCoLC)24100794</subfield></datafield><datafield ind1="1" ind2=" " tag="775"><subfield code="t">American semi-weekly traveller (Boston, Mass. : 1851)</subfield><subfield code="w">(DLC)sn 93059270</subfield></datafield><datafield ind1="1" ind2=" " tag="775"><subfield code="t">Boston traveller (Boston, Mass. : 1855)</subfield><subfield code="w">(DLC)sn 84022244</subfield><subfield code="w">(OCoLC)10359643</subfield></datafield><datafield ind1="1" ind2=" " tag="775"><subfield code="t">American traveller (Boston, Mass. : 1845 : Weekly)</subfield><subfield code="w">(DLC)sn 84022240</subfield><subfield code="w">(OCoLC)10359052</subfield></datafield><datafield ind1="1" ind2=" " tag="775"><subfield code="t">American weekly traveller (Boston, Mass. : 1851)</subfield><subfield code="w">(DLC)sn 84022241</subfield><subfield code="w">(OCoLC)10359190</subfield></datafield><datafield ind1="1" ind2=" " tag="775"><subfield code="t">American traveller (Boston, Mass. : 1855)</subfield><subfield code="w">(DLC)sn 84022242</subfield><subfield code="w">(OCoLC)10359336</subfield></datafield><datafield ind1="1" ind2=" " tag="775"><subfield code="t">Boston traveller for California</subfield><subfield code="w">(DLC)sn 84022237</subfield></datafield><datafield ind1="0" ind2="5" tag="780"><subfield code="t">Boston evening telegraph</subfield><subfield code="g">1857</subfield><subfield code="w">(DLC)sn 83045069</subfield><subfield code="w">(OCoLC)9472812</subfield></datafield><datafield ind1="0" ind2="0" tag="785"><subfield code="t">Boston evening traveller</subfield><subfield code="w">(DLC)sn 86071161</subfield><subfield code="w">(OCoLC)13223332</subfield></datafield><datafield ind1=" " ind2=" " tag="938"><subfield code="a">Kirtas Technologies, Inc.</subfield><subfield code="b">KRTS</subfield><subfield code="n">738115</subfield></datafield></record>